@preamble{ "\newcommand{\noopsort}[1]{} "
	# "\newcommand{\printfirst}[2]{#1} "
	# "\newcommand{\singleletter}[1]{#1} "
	# "\newcommand{\switchargs}[2]{#2#1} " }
@article{kalwani,
       author={Neil M Kalwani and Cheng Ai Ong and Andrew C Lysaght and Simon J Haward and Gareth H McKinley and Konstantina M Stankovic},
       title={Quantitative polarized light microscopy of unstained mammalian cochlear sections},
       journal={Journal of Biomedical Optics},
       volume={18},
       year = 2013,
       pages = {26021}
     }

@article{freemandynamic,
   author={Dennis M. Freeman and C. Cameron Abnete and  Werner Hemmert and Betty S. Tsai and Thomas F. Weiss},
   title={Dynamic material properties of the tectorial membrane: a summary},
   journal={Hearing Research},
   volume={180},
   number={1-2},
   year = 2003,
   pages = {1-10}
   }
   
@article{fercher,
   author={A F Fercher and W Drexler and C K Hitzenberger and T Lasser},
   title={Optical coherence tomography --- principles and applications},
   journal = {Reports on Progress in Physics},
   volume = {66},
   year = 2003,
   pages={239-303}
   }
   
@incollection{bouma,
   author = {Brett E. Bouma and Guillermo J. Tearny},
   title = {Optical Sources},
   BookTitle = {Handbook of Optical Coherence Tomography},
   Publisher = {Marcel Dekker Inc.},
   Year = {2002},
   editor = {Brett E. Bouma and Guillermo J. Tearny}
   }
   
@book{hecht,
   author = {Eugene Hecht},
   publisher={Addison Wesley},
   year = {2002},
   title = {Optics},
   edition = {Fourth}
   }
   
@article{hong,
   author = {Stanley S. Hong and Dennis M. Freeman},
   title = {Doppler optical coherence microscopy for studies of cochlear mechanics},
   journal = {Journal of Biomedical Optics},
   year = {2006},
   volume = {11},
   number = {5},
   pages = {054014}
   }
   
@article{ghafarri,
   author = {Ghaffari, Roozbeh and Aranyosi, Alexander J and Freeman, Dennis M},
   title = {Longitudinally propagating traveling waves of the mammalian tectorial membrane},
   journal = {Proceedings of the National Academy of Sciences of the United States of America},
   year = {2007},
   volume = {104},
   number = {42},
   pages = {16510-16515}
   }
   